<?xml version="1.0" encoding="UTF-8"?><record xmlns="http://www.loc.gov/MARC21/slim" xmlns:cinclude="http://apache.org/cocoon/include/1.0" xmlns:zs="http://www.loc.gov/zing/srw/">
  <leader>00550nz  a2200121n  4500</leader>
  <controlfield tag="001">n  85063762 </controlfield>
  <controlfield tag="003">DLC</controlfield>
  <controlfield tag="005">19851025062457.1</controlfield>
  <controlfield tag="008">850910n| acannaab|          |n aaa |||  </controlfield>
  <datafield tag="010" ind1=" " ind2=" ">
    <subfield code="a">n  85063762 </subfield>
  </datafield>
  <datafield tag="040" ind1=" " ind2=" ">
    <subfield code="a">DNLM</subfield>
    <subfield code="c">DLC</subfield>
  </datafield>
  <datafield tag="100" ind1="1" ind2="0">
    <subfield code="a">Salzberg, Brian M.</subfield>
    <subfield code="q">(Brian Matthew),</subfield>
    <subfield code="d">1942-</subfield>
  </datafield>
  <datafield tag="670" ind1=" " ind2=" ">
    <subfield code="a">Optical methods in cell physiology, c1986:</subfield>
    <subfield code="b">CIP t.p. (Brian M. Salzberg; Dept. of Physiology and Pharmacology, Univ. of Penn., Philadelphia, Pa.) CIP galleys, etc. (Ph. D.; prof. of physiology, University of Pennsylvania; b. 9/4/1942; full name: Brian Matthew Salzberg)</subfield>
  </datafield>
</record>